@techreport{nakamoto2019bitcoin,
  title={Bitcoin: A peer-to-peer electronic cash system},
  author={Nakamoto, Satoshi},
  year={2019},
  institution={Manubot}
}

@article{李辉忠2020fisco,
  title={FISCO BCOS 技术应用实践},
  author={李辉忠 and 李陈希 and 李昊轩 and 白兴强 and 石翔},
  journal={信息通信技术与政策},
  volume={46},
  number={1},
  pages={52},
  year={2020}
}

@article{huizhong2020anoverview,
  title={Anoverview on practice of FISCO BCOS technology and application},
  author={Huizhong, LI and Chenxi, LI and Haoxuan, LI and Xingqiang, BAI and Xiang, SHI},
  journal={Information and Communications Technology and Policy},
  volume={46},
  number={1},
  pages={52},
  year={2020}
}

@article{李艳鸣2020基于,
  title={基于 Django 的智能在线考试平台的设计与实现},
  author={李艳鸣 and 孙瑜},
  journal={电脑知识与技术},
  year={2020}
}

@article{董晓睿、邸文华、崔健、商凯2020基于,
  title={基于Spring Boot的在线考试系统的设计与开发},
  author={董晓睿、邸文华、崔健、商凯},
  journal={电脑编程技巧与维护},
  volume={No.424},
  number={10},
  pages={38-40},
  year={2020},
}

@article{胡雨时2020基于,
  title={基于Vue+JEECG纪法在线学习考试系统的实现},
  author={胡雨时},
  journal={现代信息科技},
  number={17},
  year={2020},
}

@article{刘金羽2020前后端分离的在线考试系统设计与实现,
  title={前后端分离的在线考试系统设计与实现},
  author={刘金羽},
  journal={电脑编程技巧与维护},
  volume={000},
  number={004},
  pages={44-46},
  year={2020},
}

@article{胡强2017学生成绩管理应用开发的研究,
  title={学生成绩管理应用开发的研究},
  author={胡强},
  journal={安徽警官职业学院学报},
  number={03},
  pages={129-134},
  year={2017},
}

@article{张建华2017一种基于区块链平台的会计无纸化考试系统,
  title={一种基于区块链平台的会计无纸化考试系统},
  author={张建华},
  journal={福建电脑},
  volume={033},
  number={005},
  pages={140-141},
  year={2017},
}

@misc{庄楚鑫2019一种基于区块链的药品信息防篡改追溯管理系统,
  title={一种基于区块链的药品信息防篡改追溯管理系统},
  author={庄楚鑫 and 李亚 and 刘宏宇},
  year={2019},
}

@phdthesis{杨广建0基于行业知识图谱的学习资源库构建与考试管理系统设计与实现,
  title={基于行业知识图谱的学习资源库构建与考试管理系统设计与实现},
  author={杨广建},
  school={山东大学},
}
